@Book{xie2015,
  title = {Dynamic Documents with {R} and knitr},
  author = {Yihui Xie},
  publisher = {Chapman and Hall/CRC},
  address = {Boca Raton, Florida},
  year = {2015},
  edition = {2nd},
  note = {ISBN 978-1498716963},
  url = {http://yihui.org/knitr/},
}
@Book{melanie2021,
  title = {Design and Analysis of Epigenetics and ChIP-Sequencing Data},
  author = {Melanie Kappelmann-Fenzl},
  publisher = {Springer},
  year = {2021},
  note = {ISBN 978-3-030-62490-3},
  url = {https://doi.org/10.1007/978-3-030-62490-3_12},
}
@Book{allis2015,
  title = {EPIGENETICS},
  author = {D. Allis and Jenuwein T and Reinberg D and Caparros M. L.},
  publisher = {Cold Spring Harbor Laboratory Press},
  year = {2015},
  edition = {2nd},
  note = {ISBN 978-1-936113-59-0},
  url = {https://www.cshlpress.com/pdf/sample/2014/epigenetics2/EPIFM.pdf},
}
@Book{nora2023,
  title = {Genetics, Epigenetic Mechanism},
  author = {Nora M. Al-Aboud and Connor Tupper and Ishwarlal Jialal},
  publisher = {National Library of Medicine},
  year = {2023},
  url = {https://www.ncbi.nlm.nih.gov/books/NBK532999/#article-22137.r1},
}
@Book{Kouzarides2007,
  title = {Chromatin modifications and their function},
  author = {Kouzarides T.},
  publisher = {National Library of Medicine},
  year = {2007},
  note = {PMID: 17320507},
  url = {https://doi.org/10.1016/j.cell.2007.02.005},
}
@Book{ralston2008,
  title = {Gene Expression Regulates Cell Differentiation},
  author = {Amy Ralston and Kenna Shaw},
  publisher = {Nature Education},
  year = {2008},
  note = {Nature Education 1(1):127},
  url = {https://www.nature.com/scitable/topicpage/gene-expression-regulates-cell-differentiation-931/#:~:text=All%20of%20the%20cells%20within,each%20cell%20deploys%20its%20genome.},
}
@Book{shahid2023,
  title = {Genetics, Histone Code},
  author = {Zainab Shahid and Brittany Simpson and Kathleen H. Miao and Gurdeep Singh},
  publisher = {StatPearls Publishing LLC},
  year = {2023},
  note = {PMID: 30860712},
  url = {https://www.ncbi.nlm.nih.gov/books/NBK538477/},
}
